# =============================================== Estructura base sistema
% Optional fields: author, title, howpublished, month, year, note
@MISC{website:baseInfo,
	author={MacKenzie, S.},
	title={Evaluating Eye Tracking Systems for Computer Input},
	url={http://www.yorku.ca/mack/cogain.html},
	year={[consulta: 10 diciembre 2017]}
}

# =============================================== Movimiento ocular
% Optional fields: volume, number, pages, month, note
@ARTICLE{article:movOcular,
	author = {Gegenfurtner, K. R.},
	title = {The Interaction Between Vision and Eye Movements},
	journal = {Perception},
	volume = {45(12)},
	pages = {1333-1357},
	year = {2016}
}

% Optional fields: author, title, howpublished, month, year, note
@MISC{website:movOcular,
	author={Findlay, J. and Walker, R.},
	title={Human saccadic eye movements},
	url={http://www.scholarpedia.org/article/Human_saccadic_eye_movements},
	year={[consulta: 10 diciembre 2017]}
}

# =============================================== Eye trackers
% Optional fields: volume, number, pages, month, note
@ARTICLE{article:eyetracker_eggert,
	author = {Eggert, T.},
	title = {Eye movement recordings: methods},
	journal = {Neuro-Ophthalmology},
	volume={40},
	pages={15-34},
	year = {2007}
}

% Optional fields: volume, number, pages, month, note
@ARTICLE{article:eyetracker_richardson,
	author = {Richardson, D. C. and Spivet, M. J.},
	title = {Eye tracking: Characteristics and methods},
	journal = {Encyclopedia of biomaterials and biomedical engineering},
	volume={3},
	pages={1028–1042},
	year = {2004}
}

% Optional fields: type, address, month, note
@PHDTHESIS{dissertation:eyetrackers,
	author = {Rakoczi, G.},
	title = {Analysis of Eye Movements in the Context of e-Learning, Recommendations for Eye-efficient User Interfaces},
	school = {Fakultät für Informatik der Technischen Universität Wien},
	year = {2014}
}

# ================= Imagenes métodos
% Optional fields: author, title, howpublished, month, year, note
@MISC{website:etEOG,
	author={SBI},
	title={SBI technical help},
	url={http://sbiwiki.cns.ki.se/mediawiki/index.php/Natmeg/checklist_MEG_preparation},
	year={[consulta: 15 diciembre 2017]}
}

% Optional fields: author, title, howpublished, month, year, note
@MISC{website:etSSG,
	author={Hain, T. C.},
	title={Information about dizziness, balance and hearing},
	url={http://www.dizziness-and-balance.com/practice/default.htm},
	year={[consulta: 15 diciembre 2017]}
}

# ================= Imagenes ejemplo
% Optional fields: author, title, howpublished, month, year, note
@MISC{website:tobii,
	author={Tobii},
	title={Tobii},
	url={https://www.tobii.com/},
	year={[consulta: 9 diciembre 2017]}
}

% Optional fields: author, title, howpublished, month, year, note
@MISC{website:microway,
	author={MicroWay},
	title={MicroWay},
	url={https://www.microway.com.au/},
	year={[consulta: 9 diciembre 2017]}
}

# ================= Debido a que fue utilizado: Disclaimers
% Optional fields: volume, number, pages, month, note
@ARTICLE{article:eyetracker_eyetribe1,
	author = {Dalmaijer, E.},
	title = {Is the low-cost EyeTribe eye tracker any good for research?},
	journal = {PeerJ PrePrints},
	volume={2:e585v1},
	year = {2014}
}

% Optional fields: volume, number, pages, month, note
@ARTICLE{article:eyetracker_eyetribe2,
	author = {Popelka [et al]., S.},
	title = {EyeTribe Tracker Data Accuracy Evaluation and Its Interconnection with Hypothesis Software for Cartographic Purposes},
	journal = {Computational Intelligence and Neuroscience},
	volume={2016},
	pages={1-14},
	year = {2016}
}

# =============================================== Monitores
% Optional fields: volume, number, pages, month, note
@ARTICLE{article:monitor_beuer,
	author = {Bauer, B.},
	title = {A timely reminder about stimulus display times and other presentation parameters on CRTs and newer technologies},
	journal = {Canadian Journal of Experimental Psychology},
	volume={69},
	pages={264-273},
	year = {2015}
}

% Optional fields: volume, number, pages, month, note
@ARTICLE{article:monitor_wang,
	author = {Wang, P.},
	title = {An LCD monitor with sufficiently precise timing for research in vision},
	journal = {Encyclopedia of biomaterials and biomedical engineering},
	volume={5},
	year = {2011}
}

% Optional fields: volume, number, pages, month, note
@ARTICLE{article:monitor_elze,
	author = {Elze, T. and Tanner, T. G. and Krekelberg, B.},
	title = {Temporal Properties of Liquid Crystal Displays: Implications for Vision Science Experiments},
	journal = {PLoS ONE},
	volume={7(9)},
	year = {2012}
}

# =============================================== Software de estimulación
% Optional fields: author, title, howpublished, month, year, note
@MISC{website:software_presentation,
	author={Neuro Behavioral Systems},
	title={Presentation Software},
	url={http://www.neurobs.com/},
	year={[consulta: 13 junio 2017]}
}

% Optional fields: author, title, howpublished, month, year, note
@MISC{website:software_psychopy,
	author={Peirce, J.},
	title={PsychoPy},
	url={http://www.psychopy.org/},
	year={[consulta: 13 junio 2017]}
}

% Optional fields: author, title, howpublished, month, year, note
@MISC{website:software_psychotoolbox,
	author={Kleiner, M.},
	title={Psychtoolbox},
	url={http://psychtoolbox.org/},
	year={[consulta: 13 junio 2017]}
}

% Optional fields: author, title, howpublished, month, year, note
@MISC{website:software_vissionegg,
	author={Straw, A. D.},
	title={Vission Egg},
	url={https://visionegg.readthedocs.io/en/latest/index.html},
	year={[consulta: 13 junio 2017]}
}

# ================= Debido a que fue utilizado
% Optional fields: volume, number, pages, month, note
@ARTICLE{psychopy,
	author={Pierce, J.},   	 
	title={Generating stimuli for neuroscience using PsychoPy},      	
	journal={Frontiers in Neuroinformatics},      	
	volume={2},     
	pages={10},     	
	year={2009}
}

% Optional fields: author, title, howpublished, month, year, note
@MISC{website:iohub,
	author={Simpson, S.},
	title={ioHub},
	url={http://www.isolver-solutions.com/iohubdocs/index.html},
	year={[consulta: 23 agosto 2017]}	
}

# =============================================== Experimentos
% Optional fields: volume, number, pages, month, note
@ARTICLE{article:tests_1,
	author = {Amador [et al]., S.},
	title = {Dissociating cognitive deficits involved in voluntary eye movement dysfunctions in Parkinson's disease patients},
	journal = {Neuropsychologia},
	volume={44(8)},
	pages={1475-1482},
	year = {2006}
}

% Optional fields: volume, number, pages, month, note
@ARTICLE{article:tests_2,
	author = {Goyal [et al]., V.},
	title = {Saccadic eye movements in Parkinson's disease},
	journal = {Indian Journal of Ophthalmology},
	volume={62(5)},
	year = {2014}
}
